[gd_resource type="Resource" load_steps=22 format=2]

[ext_resource path="res://singletons/config/quirks/selectors/whole_message_selector.gd" type="Script" id=1]
[ext_resource path="res://singletons/config/quirks/replacers/prefix_replacer.gd" type="Script" id=2]
[ext_resource path="res://singletons/config/quirks/selectors/simple_selector.gd" type="Script" id=3]
[ext_resource path="res://singletons/config/quirks/replacers/simple_replacer.gd" type="Script" id=4]
[ext_resource path="res://singletons/config/quirks/quirkcollection_res.gd" type="Script" id=6]
[ext_resource path="res://singletons/config/quirks/Quirk_res.gd" type="Script" id=7]

[sub_resource type="Resource" id=1]
script = ExtResource( 2 )
prefix = "D --> "

[sub_resource type="Resource" id=2]
script = ExtResource( 1 )

[sub_resource type="Resource" id=3]
script = ExtResource( 7 )
enabled = true
randomness = 0.0
selector = SubResource( 2 )
replacer = SubResource( 1 )

[sub_resource type="Resource" id=4]
script = ExtResource( 4 )
replace_with = "%"

[sub_resource type="Resource" id=5]
script = ExtResource( 3 )
text_to_select = "x"
ignore_case = true

[sub_resource type="Resource" id=6]
script = ExtResource( 7 )
enabled = true
randomness = 0.0
selector = SubResource( 5 )
replacer = SubResource( 4 )

[sub_resource type="Resource" id=7]
script = ExtResource( 4 )
replace_with = "100"

[sub_resource type="Resource" id=8]
script = ExtResource( 3 )
text_to_select = "loo"
ignore_case = true

[sub_resource type="Resource" id=9]
script = ExtResource( 7 )
enabled = true
randomness = 0.0
selector = SubResource( 8 )
replacer = SubResource( 7 )

[sub_resource type="Resource" id=10]
script = ExtResource( 4 )
replace_with = "001"

[sub_resource type="Resource" id=11]
script = ExtResource( 3 )
text_to_select = "ool"
ignore_case = true

[sub_resource type="Resource" id=12]
script = ExtResource( 7 )
enabled = true
randomness = 0.0
selector = SubResource( 11 )
replacer = SubResource( 10 )

[sub_resource type="Resource" id=13]
script = ExtResource( 4 )
replace_with = "%"

[sub_resource type="Resource" id=14]
script = ExtResource( 3 )
text_to_select = "cross"
ignore_case = true

[sub_resource type="Resource" id=15]
script = ExtResource( 7 )
enabled = true
randomness = 0.0
selector = SubResource( 14 )
replacer = SubResource( 13 )

[resource]
script = ExtResource( 6 )
name = "Equiuis"
quirks = [ SubResource( 3 ), SubResource( 6 ), SubResource( 9 ), SubResource( 12 ), SubResource( 15 ) ]
