[gd_resource type="Resource" load_steps=13 format=2]

[ext_resource path="res://singletons/config/quirks/selectors/whole_message_selector.gd" type="Script" id=1]
[ext_resource path="res://singletons/config/quirks/replacers/prefix_replacer.gd" type="Script" id=2]
[ext_resource path="res://singletons/config/quirks/selectors/simple_selector.gd" type="Script" id=3]
[ext_resource path="res://singletons/config/quirks/replacers/simple_replacer.gd" type="Script" id=4]
[ext_resource path="res://singletons/config/quirks/quirkcollection_res.gd" type="Script" id=6]
[ext_resource path="res://singletons/config/quirks/Quirk_res.gd" type="Script" id=7]

[sub_resource type="Resource" id=1]
script = ExtResource( 2 )
prefix = ":33 < "

[sub_resource type="Resource" id=2]
script = ExtResource( 1 )

[sub_resource type="Resource" id=3]
script = ExtResource( 7 )
enabled = true
randomness = 0.0
selector = SubResource( 2 )
replacer = SubResource( 1 )

[sub_resource type="Resource" id=4]
script = ExtResource( 4 )
replace_with = "33"

[sub_resource type="Resource" id=5]
script = ExtResource( 3 )
text_to_select = "ee"
ignore_case = true

[sub_resource type="Resource" id=6]
script = ExtResource( 7 )
enabled = true
randomness = 0.0
selector = SubResource( 5 )
replacer = SubResource( 4 )

[resource]
script = ExtResource( 6 )
name = "Nepeta"
quirks = [ SubResource( 3 ), SubResource( 6 ) ]
