[gd_scene load_steps=18 format=2]

[ext_resource path="res://scenes/UI components/window buttons/minimize button.gd" type="Script" id=1]
[ext_resource path="res://themes/assets/pesterchum/main.gd" type="Script" id=2]
[ext_resource path="res://themes/assets/pesterchum/pesterchum_main.tres" type="Theme" id=3]
[ext_resource path="res://themes/assets/pesterchum/pesterchum.png" type="Texture" id=4]
[ext_resource path="res://assets/texture/icons/chat.png" type="Texture" id=5]
[ext_resource path="res://scenes/UI components/better_tabs/better_tabs.tscn" type="PackedScene" id=6]
[ext_resource path="res://assets/texture/icons/cake.png" type="Texture" id=7]
[ext_resource path="res://scenes/UI components/chat_tabs/chattabs_3.gd" type="Script" id=8]
[ext_resource path="res://scenes/UI components/chumroll/chumroll.tscn" type="PackedScene" id=9]
[ext_resource path="res://scenes/UI components/chumhandlebar/chumhandlebar.tscn" type="PackedScene" id=10]
[ext_resource path="res://scenes/UI components/topbar menus/topbar menu.gd" type="Script" id=11]
[ext_resource path="res://scenes/UI components/userlist buttons/add chum button.gd" type="Script" id=12]
[ext_resource path="res://scenes/UI components/mood_buttons/mood button.gd" type="Script" id=13]
[ext_resource path="res://scenes/UI components/window buttons/close button.gd" type="Script" id=14]
[ext_resource path="res://scenes/UI components/window buttons/chat toggle button.gd" type="Script" id=15]
[ext_resource path="res://scenes/UI components/userlist buttons/pester chum button.gd" type="Script" id=16]
[ext_resource path="res://scenes/UI components/userlist buttons/edit chum button.gd" type="Script" id=17]

[node name="app" type="HBoxContainer"]
margin_top = -1.0
margin_right = 388.0
margin_bottom = 624.0
size_flags_horizontal = 3
size_flags_vertical = 3
theme = ExtResource( 3 )
custom_constants/separation = 10
script = ExtResource( 2 )

[node name="main" type="HBoxContainer" parent="." groups=["main_screen"]]
margin_right = 296.0
margin_bottom = 625.0
size_flags_horizontal = 3
size_flags_vertical = 3
alignment = 1

[node name="appborder" type="PanelContainer" parent="main"]
margin_right = 296.0
margin_bottom = 625.0
size_flags_horizontal = 3
theme = ExtResource( 3 )

[node name="contents" type="VBoxContainer" parent="main/appborder"]
margin_left = 3.0
margin_top = 3.0
margin_right = 293.0
margin_bottom = 622.0

[node name="topbar" type="HBoxContainer" parent="main/appborder/contents"]
margin_right = 290.0
margin_bottom = 24.0
custom_constants/separation = 0

[node name="menus_bar" type="HBoxContainer" parent="main/appborder/contents/topbar"]
margin_right = 206.0
margin_bottom = 24.0
size_flags_horizontal = 3
custom_constants/separation = 0

[node name="button_toggle_chatwindow" type="Button" parent="main/appborder/contents/topbar/menus_bar"]
margin_right = 60.0
margin_bottom = 24.0
theme_type_variation = "ButtonSmall"
text = " CHATS "
script = ExtResource( 15 )

[node name="menu_client" type="MenuButton" parent="main/appborder/contents/topbar/menus_bar"]
margin_left = 60.0
margin_right = 110.0
margin_bottom = 24.0
mouse_default_cursor_shape = 2
theme_type_variation = "ButtonSmall"
text = "CLIENT"
items = [ "OPTIONS", null, 0, false, false, 0, 0, null, "", false, "MEMOS", null, 0, false, false, 1, 0, null, "", false, "PESTERLOG", null, 0, false, false, 2, 0, null, "", false, "RANDOM ENCOUNTER", null, 0, false, false, 3, 0, null, "", false, "USERLIST", null, 0, false, false, 4, 0, null, "", false, "BLOCKLIST", null, 0, false, false, 5, 0, null, "", false, "IDLE", null, 0, false, false, 6, 0, null, "", false, "RELOAD", null, 0, false, false, 7, 0, null, "", false ]
switch_on_hover = true
script = ExtResource( 11 )

[node name="menu_profile" type="MenuButton" parent="main/appborder/contents/topbar/menus_bar"]
margin_left = 110.0
margin_right = 169.0
margin_bottom = 24.0
focus_mode = 2
mouse_default_cursor_shape = 2
theme_type_variation = "ButtonSmall"
text = "PROFILE"
items = [ "PREFERENCES", null, 0, false, false, 0, 0, null, "", false, "QUIRKS", null, 0, false, false, 1, 0, null, "", false, "MANAGE", null, 0, false, false, 2, 0, null, "", false ]
switch_on_hover = true
script = ExtResource( 11 )
target_menu = "profile"

[node name="menu_help" type="MenuButton" parent="main/appborder/contents/topbar/menus_bar"]
margin_left = 169.0
margin_right = 206.0
margin_bottom = 24.0
focus_mode = 2
mouse_default_cursor_shape = 2
theme_type_variation = "ButtonSmall"
text = "HELP"
items = [ "HELP", null, 0, false, false, 0, 0, null, "", false, "RULES", null, 0, false, false, 1, 0, null, "", false, "CALSPRITE", null, 0, false, false, 2, 0, null, "", false, "CHANSERV", null, 0, false, false, 3, 0, null, "", false, "NICKSERV", null, 0, false, false, 4, 0, null, "", false, "ABOUT", null, 0, false, false, 5, 0, null, "", false ]
switch_on_hover = true
script = ExtResource( 11 )
target_menu = "help"

[node name="Control" type="Control" parent="main/appborder/contents/topbar"]
margin_left = 206.0
margin_right = 239.0
margin_bottom = 24.0
size_flags_horizontal = 3

[node name="windowbuttons" type="HBoxContainer" parent="main/appborder/contents/topbar"]
margin_left = 239.0
margin_right = 290.0
margin_bottom = 24.0
custom_constants/separation = 0

[node name="WidgetMinimizebutton" type="Button" parent="main/appborder/contents/topbar/windowbuttons"]
margin_right = 26.0
margin_bottom = 24.0
mouse_default_cursor_shape = 2
text = "_"
flat = true
script = ExtResource( 1 )
hide_on_multiwindow = false
hide_on_phones = true

[node name="button_app_close" type="Button" parent="main/appborder/contents/topbar/windowbuttons"]
margin_left = 26.0
margin_right = 51.0
margin_bottom = 24.0
mouse_default_cursor_shape = 2
text = "X"
flat = true
script = ExtResource( 14 )
hide_on_multiwindow = false
hide_on_phones = true

[node name="squished" type="MarginContainer" parent="main/appborder/contents"]
margin_top = 28.0
margin_right = 290.0
margin_bottom = 619.0
size_flags_horizontal = 3
size_flags_vertical = 3
custom_constants/margin_right = 10
custom_constants/margin_left = 10
custom_constants/margin_bottom = 10

[node name="squishcontent" type="VBoxContainer" parent="main/appborder/contents/squished"]
margin_left = 10.0
margin_right = 280.0
margin_bottom = 581.0
size_flags_horizontal = 3
size_flags_vertical = 3

[node name="apptitle" type="TextureRect" parent="main/appborder/contents/squished/squishcontent"]
margin_right = 270.0
margin_bottom = 20.0
rect_min_size = Vector2( 0, 20 )
size_flags_horizontal = 3
texture = ExtResource( 4 )
stretch_mode = 6

[node name="appbanner" type="PanelContainer" parent="main/appborder/contents/squished/squishcontent"]
margin_top = 24.0
margin_right = 270.0
margin_bottom = 100.0
theme_type_variation = "PanelContainerDark"

[node name="HBoxContainer" type="HBoxContainer" parent="main/appborder/contents/squished/squishcontent/appbanner"]
margin_left = 3.0
margin_top = 3.0
margin_right = 267.0
margin_bottom = 73.0
size_flags_horizontal = 7

[node name="TextureRect" type="TextureRect" parent="main/appborder/contents/squished/squishcontent/appbanner/HBoxContainer"]
margin_right = 104.0
margin_bottom = 70.0
rect_min_size = Vector2( 40, 70 )
size_flags_horizontal = 3
size_flags_vertical = 3
texture = ExtResource( 5 )
expand = true
stretch_mode = 6

[node name="Label" type="Label" parent="main/appborder/contents/squished/squishcontent/appbanner/HBoxContainer"]
margin_left = 108.0
margin_right = 264.0
margin_bottom = 70.0
size_flags_horizontal = 3
size_flags_vertical = 3
size_flags_stretch_ratio = 1.5
custom_colors/font_color = Color( 1, 1, 1, 1 )
text = "CHAT CLIENT"
align = 1
valign = 1

[node name="cake" type="Button" parent="main/appborder/contents/squished/squishcontent/appbanner/HBoxContainer"]
visible = false
margin_left = 220.0
margin_top = 14.0
margin_right = 268.0
margin_bottom = 56.0
mouse_default_cursor_shape = 16
size_flags_vertical = 4
icon = ExtResource( 7 )
flat = true

[node name="lbl_chumroll" type="Label" parent="main/appborder/contents/squished/squishcontent"]
margin_top = 104.0
margin_right = 270.0
margin_bottom = 118.0
text = " CHUMROLL:"

[node name="chumrollborder" type="PanelContainer" parent="main/appborder/contents/squished/squishcontent"]
margin_top = 122.0
margin_right = 270.0
margin_bottom = 380.0
size_flags_horizontal = 3
size_flags_vertical = 3
theme_type_variation = "PanelContainerDark"

[node name="chumroll" parent="main/appborder/contents/squished/squishcontent/chumrollborder" instance=ExtResource( 9 )]
margin_right = 267.0
margin_bottom = 255.0

[node name="chumbuttons" type="HBoxContainer" parent="main/appborder/contents/squished/squishcontent"]
margin_left = 34.0
margin_top = 384.0
margin_right = 235.0
margin_bottom = 408.0
size_flags_horizontal = 4
custom_constants/separation = 2
alignment = 1

[node name="addchum" type="Button" parent="main/appborder/contents/squished/squishcontent/chumbuttons"]
margin_right = 85.0
margin_bottom = 24.0
mouse_default_cursor_shape = 2
text = "ADD CHUM"
script = ExtResource( 12 )

[node name="WidgetEditchumbutton" type="Button" parent="main/appborder/contents/squished/squishcontent/chumbuttons"]
margin_left = 87.0
margin_right = 133.0
margin_bottom = 24.0
mouse_default_cursor_shape = 2
text = "EDIT"
script = ExtResource( 17 )
linked_userlist = NodePath("../../chumrollborder/chumroll")

[node name="WidgetPesterchumbutton" type="Button" parent="main/appborder/contents/squished/squishcontent/chumbuttons"]
margin_left = 135.0
margin_right = 201.0
margin_bottom = 24.0
mouse_default_cursor_shape = 2
theme_type_variation = "ButtonBigger"
text = "PESTER!"
script = ExtResource( 16 )
linked_userlist = NodePath("../../chumrollborder/chumroll")

[node name="lbl_chumhandle" type="Label" parent="main/appborder/contents/squished/squishcontent"]
margin_top = 412.0
margin_right = 270.0
margin_bottom = 426.0
text = " MYCHUMHANDLE:"

[node name="chumhandlebar" parent="main/appborder/contents/squished/squishcontent" instance=ExtResource( 10 )]
margin_top = 430.0
margin_right = 270.0
margin_bottom = 460.0

[node name="moodcontainer" type="VBoxContainer" parent="main/appborder/contents/squished/squishcontent"]
margin_top = 464.0
margin_right = 270.0
margin_bottom = 581.0
rect_min_size = Vector2( 270, 0 )
size_flags_horizontal = 4
custom_constants/separation = 0

[node name="lbl_mood" type="Label" parent="main/appborder/contents/squished/squishcontent/moodcontainer"]
margin_right = 270.0
margin_bottom = 14.0
text = " MOOD:"

[node name="moodlist" type="VBoxContainer" parent="main/appborder/contents/squished/squishcontent/moodcontainer"]
margin_top = 14.0
margin_right = 270.0
margin_bottom = 117.0
custom_constants/separation = -3

[node name="moods" type="GridContainer" parent="main/appborder/contents/squished/squishcontent/moodcontainer/moodlist"]
margin_right = 270.0
margin_bottom = 78.0
custom_constants/vseparation = -3
custom_constants/hseparation = 2
columns = 2

[node name="WidgetMoodbutton" type="Button" parent="main/appborder/contents/squished/squishcontent/moodcontainer/moodlist/moods"]
margin_right = 134.0
margin_bottom = 28.0
rect_min_size = Vector2( 0, 28 )
mouse_default_cursor_shape = 2
size_flags_horizontal = 3
theme_type_variation = "pc_mood_button"
text = "CHUMMY"
align = 0
script = ExtResource( 13 )

[node name="WidgetMoodbutton2" type="Button" parent="main/appborder/contents/squished/squishcontent/moodcontainer/moodlist/moods"]
margin_left = 136.0
margin_right = 270.0
margin_bottom = 28.0
rect_min_size = Vector2( 0, 28 )
mouse_default_cursor_shape = 2
size_flags_horizontal = 3
theme_type_variation = "pc_mood_button"
text = "PRANKY"
align = 0
script = ExtResource( 13 )
mood = "pranky"

[node name="WidgetMoodbutton3" type="Button" parent="main/appborder/contents/squished/squishcontent/moodcontainer/moodlist/moods"]
margin_top = 25.0
margin_right = 134.0
margin_bottom = 53.0
rect_min_size = Vector2( 0, 28 )
mouse_default_cursor_shape = 2
size_flags_horizontal = 3
theme_type_variation = "pc_mood_button"
text = "PLEASANT"
align = 0
script = ExtResource( 13 )
mood = "pleasant"

[node name="WidgetMoodbutton4" type="Button" parent="main/appborder/contents/squished/squishcontent/moodcontainer/moodlist/moods"]
margin_left = 136.0
margin_top = 25.0
margin_right = 270.0
margin_bottom = 53.0
rect_min_size = Vector2( 0, 28 )
mouse_default_cursor_shape = 2
size_flags_horizontal = 3
theme_type_variation = "pc_mood_button"
text = "SMOOTH"
align = 0
script = ExtResource( 13 )
mood = "smooth"

[node name="WidgetMoodbutton5" type="Button" parent="main/appborder/contents/squished/squishcontent/moodcontainer/moodlist/moods"]
margin_top = 50.0
margin_right = 134.0
margin_bottom = 78.0
rect_min_size = Vector2( 0, 28 )
mouse_default_cursor_shape = 2
size_flags_horizontal = 3
theme_type_variation = "pc_mood_button"
text = "DISTRAUGHT"
align = 0
script = ExtResource( 13 )
mood = "distraught"

[node name="WidgetMoodbutton6" type="Button" parent="main/appborder/contents/squished/squishcontent/moodcontainer/moodlist/moods"]
margin_left = 136.0
margin_top = 50.0
margin_right = 270.0
margin_bottom = 78.0
rect_min_size = Vector2( 0, 28 )
mouse_default_cursor_shape = 2
size_flags_horizontal = 3
theme_type_variation = "pc_mood_button_red"
text = "RANCOROUS"
align = 0
script = ExtResource( 13 )
mood = "rancorous"

[node name="WidgetMoodbutton7" type="Button" parent="main/appborder/contents/squished/squishcontent/moodcontainer/moodlist"]
margin_top = 75.0
margin_right = 270.0
margin_bottom = 103.0
rect_min_size = Vector2( 0, 28 )
mouse_default_cursor_shape = 2
size_flags_horizontal = 3
theme_type_variation = "pc_mood_button_black"
text = "ABSCOND"
script = ExtResource( 13 )
set_text = false
mood = "offline"

[node name="chatwindow" type="HBoxContainer" parent="." groups=["chat_screen"]]
margin_left = 306.0
margin_right = 388.0
margin_bottom = 625.0
size_flags_horizontal = 3
size_flags_stretch_ratio = 10.0

[node name="userchat" type="PanelContainer" parent="chatwindow"]
margin_right = 82.0
margin_bottom = 625.0
size_flags_horizontal = 3
size_flags_vertical = 3

[node name="chat" type="VBoxContainer" parent="chatwindow/userchat"]
margin_left = 3.0
margin_top = 3.0
margin_right = 79.0
margin_bottom = 622.0

[node name="topbar_mode_1" type="HBoxContainer" parent="chatwindow/userchat/chat" groups=["hide_on_multiwindow"]]
margin_right = 76.0
margin_bottom = 24.0
size_flags_horizontal = 3
custom_constants/separation = 0

[node name="button_chat_back" type="Button" parent="chatwindow/userchat/chat/topbar_mode_1"]
margin_right = 25.0
margin_bottom = 24.0
mouse_default_cursor_shape = 2
text = "<"
flat = true
script = ExtResource( 15 )

[node name="Control" type="Control" parent="chatwindow/userchat/chat/topbar_mode_1"]
margin_left = 25.0
margin_right = 25.0
margin_bottom = 24.0
size_flags_horizontal = 3

[node name="WidgetMinimizebutton" type="Button" parent="chatwindow/userchat/chat/topbar_mode_1"]
margin_left = 25.0
margin_right = 51.0
margin_bottom = 24.0
mouse_default_cursor_shape = 2
text = "_"
flat = true
script = ExtResource( 1 )
hide_on_phones = true

[node name="WidgetClosewindowbutton" type="Button" parent="chatwindow/userchat/chat/topbar_mode_1"]
margin_left = 51.0
margin_right = 76.0
margin_bottom = 24.0
mouse_default_cursor_shape = 2
text = "X"
flat = true
script = ExtResource( 14 )
hide_on_phones = true

[node name="tabs" parent="chatwindow/userchat/chat" instance=ExtResource( 6 )]
anchor_right = 0.0
anchor_bottom = 0.0
margin_top = 28.0
margin_right = 76.0
margin_bottom = 619.0
size_flags_vertical = 3
script = ExtResource( 8 )

[node name="tabs" parent="chatwindow/userchat/chat/tabs" index="0"]
margin_right = 76.0

[node name="tabs" parent="chatwindow/userchat/chat/tabs/tabs" index="0"]
margin_left = 0.0
margin_top = 0.0
margin_right = 76.0
margin_bottom = 38.0

[node name="tabs" parent="chatwindow/userchat/chat/tabs/tabs/tabs" index="0"]
margin_right = 76.0
margin_bottom = 38.0

[node name="label" parent="chatwindow/userchat/chat/tabs" index="1"]
margin_right = 76.0
margin_bottom = 115.0
rect_min_size = Vector2( 0, 30 )

[node name="Label" parent="chatwindow/userchat/chat/tabs/label" index="0"]
margin_left = 0.0
margin_top = 0.0
margin_right = 76.0
margin_bottom = 75.0
size_flags_vertical = 4

[node name="content" parent="chatwindow/userchat/chat/tabs" index="2"]
margin_top = 115.0
margin_right = 76.0
margin_bottom = 591.0

[node name="dummy" parent="chatwindow/userchat/chat/tabs/content" index="0"]
margin_right = 76.0
margin_bottom = 476.0

[node name="content" parent="chatwindow/userchat/chat/tabs/content" index="1"]
margin_right = 76.0
margin_bottom = 476.0

[connection signal="pressed" from="main/appborder/contents/squished/squishcontent/appbanner/HBoxContainer/cake" to="." method="_on_cake_pressed"]

[editable path="chatwindow/userchat/chat/tabs"]
