[gd_scene load_steps=6 format=2]

[ext_resource path="res://scenes/menus/quirkmanager_menu/quirkmanager_menu.gd" type="Script" id=1]
[ext_resource path="res://assets/texture/icons/troll.png" type="Texture" id=2]
[ext_resource path="res://assets/texture/icons/exit.png" type="Texture" id=3]
[ext_resource path="res://assets/texture/icons/arrow_up.png" type="Texture" id=4]
[ext_resource path="res://assets/texture/icons/arrow_down.png" type="Texture" id=5]

[node name="quirkmanager_menu" type="VBoxContainer"]
anchor_right = 1.0
anchor_bottom = 1.0
script = ExtResource( 1 )

[node name="HBoxContainer2" type="HBoxContainer" parent="."]
margin_right = 300.0
margin_bottom = 575.0
size_flags_horizontal = 3
size_flags_vertical = 3
custom_constants/separation = 0

[node name="PanelContainer" type="PanelContainer" parent="HBoxContainer2"]
margin_right = 272.0
margin_bottom = 575.0
size_flags_horizontal = 3
size_flags_vertical = 3
theme_type_variation = "PanelContainerDark"

[node name="list_quirks" type="ItemList" parent="HBoxContainer2/PanelContainer"]
unique_name_in_owner = true
margin_left = 7.0
margin_top = 7.0
margin_right = 265.0
margin_bottom = 568.0
max_text_lines = 2
icon_mode = 0

[node name="VBoxContainer" type="VBoxContainer" parent="HBoxContainer2"]
margin_left = 272.0
margin_right = 300.0
margin_bottom = 575.0
custom_constants/separation = 40
alignment = 1

[node name="button_move_up" type="Button" parent="HBoxContainer2/VBoxContainer"]
margin_top = 245.0
margin_right = 28.0
margin_bottom = 267.0
mouse_default_cursor_shape = 2
icon = ExtResource( 4 )

[node name="button_move_down" type="Button" parent="HBoxContainer2/VBoxContainer"]
margin_top = 307.0
margin_right = 28.0
margin_bottom = 329.0
mouse_default_cursor_shape = 2
icon = ExtResource( 5 )

[node name="HBoxContainer3" type="HBoxContainer" parent="."]
margin_top = 579.0
margin_right = 300.0
margin_bottom = 599.0
size_flags_horizontal = 3

[node name="button_new" type="Button" parent="HBoxContainer3"]
margin_right = 148.0
margin_bottom = 20.0
mouse_default_cursor_shape = 2
size_flags_horizontal = 3
text = "New"

[node name="button_debug_export" type="Button" parent="HBoxContainer3" groups=["show_on_editor"]]
margin_left = 152.0
margin_right = 300.0
margin_bottom = 20.0
size_flags_horizontal = 3
text = "Export"
icon = ExtResource( 3 )
expand_icon = true

[node name="HBoxContainer" type="HBoxContainer" parent="."]
margin_top = 603.0
margin_right = 300.0
margin_bottom = 625.0
size_flags_horizontal = 3

[node name="profile_actions" type="HFlowContainer" parent="HBoxContainer"]
margin_right = 241.0
margin_bottom = 22.0
size_flags_horizontal = 3

[node name="button_edit" type="Button" parent="HBoxContainer/profile_actions"]
margin_right = 36.0
margin_bottom = 22.0
mouse_default_cursor_shape = 2
text = "Edit"

[node name="button_duplicate" type="Button" parent="HBoxContainer/profile_actions"]
margin_left = 40.0
margin_right = 113.0
margin_bottom = 22.0
mouse_default_cursor_shape = 2
text = "Duplicate"

[node name="button_presets" type="Button" parent="HBoxContainer/profile_actions"]
margin_left = 117.0
margin_right = 202.0
margin_bottom = 22.0
rect_min_size = Vector2( 85, 0 )
hint_tooltip = "Load preset quirks"
mouse_default_cursor_shape = 2
theme_type_variation = "ButtonSmall"
text = "Presets"
icon = ExtResource( 2 )

[node name="button_delete" type="Button" parent="HBoxContainer"]
margin_left = 245.0
margin_right = 300.0
margin_bottom = 20.0
mouse_default_cursor_shape = 2
size_flags_vertical = 0
theme_type_variation = "ButtonRed"
text = "Delete"

[connection signal="resized" from="HBoxContainer2/PanelContainer/list_quirks" to="." method="_on_list_quirks_resized"]
[connection signal="pressed" from="HBoxContainer2/VBoxContainer/button_move_up" to="." method="_on_button_move_up_pressed"]
[connection signal="pressed" from="HBoxContainer2/VBoxContainer/button_move_down" to="." method="_on_button_move_down_pressed"]
[connection signal="pressed" from="HBoxContainer3/button_new" to="." method="_on_button_new_pressed"]
[connection signal="pressed" from="HBoxContainer3/button_debug_export" to="." method="_on_button_debug_export_pressed"]
[connection signal="pressed" from="HBoxContainer/profile_actions/button_edit" to="." method="_on_button_edit_pressed"]
[connection signal="pressed" from="HBoxContainer/profile_actions/button_duplicate" to="." method="_on_button_duplicate_pressed"]
[connection signal="pressed" from="HBoxContainer/profile_actions/button_presets" to="." method="_on_button_presets_pressed"]
[connection signal="pressed" from="HBoxContainer/button_delete" to="." method="_on_button_delete_pressed"]
