[gd_scene load_steps=37 format=2]

[ext_resource path="res://scenes/main/pesterchum_main.gd" type="Script" id=1]
[ext_resource path="res://themes/assets/pesterchum/pesterchum_main.tres" type="Theme" id=2]
[ext_resource path="res://themes/assets/pesterchum/pesterchum.tscn" type="PackedScene" id=3]
[ext_resource path="res://scenes/popup/login/login.tscn" type="PackedScene" id=4]
[ext_resource path="res://addons/IRCClient/IRCClient.gd" type="Script" id=5]
[ext_resource path="res://scenes/main/popups.gd" type="Script" id=6]
[ext_resource path="res://scenes/main/PesterchumLayer.gd" type="Script" id=7]
[ext_resource path="res://scenes/popup/add_chum/add_chum.tscn" type="PackedScene" id=8]
[ext_resource path="res://scenes/menus/basemenu.tscn" type="PackedScene" id=9]
[ext_resource path="res://scenes/menus/settings/settings_menu.tscn" type="PackedScene" id=10]
[ext_resource path="res://scenes/popup/popup.tscn" type="PackedScene" id=11]
[ext_resource path="res://scenes/popup/connectionlost/connectionlost.tscn" type="PackedScene" id=12]
[ext_resource path="res://scenes/popup/connecting/connecting.tscn" type="PackedScene" id=13]
[ext_resource path="res://scenes/menus/userlist/userlist_menu.tscn" type="PackedScene" id=14]
[ext_resource path="res://scenes/main/menus.gd" type="Script" id=15]
[ext_resource path="res://scenes/popup/wip/wip_popup.tscn" type="PackedScene" id=16]
[ext_resource path="res://scenes/popup/simplemsg/simple_msg.tscn" type="PackedScene" id=17]
[ext_resource path="res://scenes/menus/memolist/memolist_menu.tscn" type="PackedScene" id=18]
[ext_resource path="res://scenes/popup/emoji_selector/emoji_selector.tscn" type="PackedScene" id=19]
[ext_resource path="res://scenes/popup/debug_shortcuts/debug_shortcuts.tscn" type="PackedScene" id=20]
[ext_resource path="res://singletons/Usercache.gd" type="Script" id=21]
[ext_resource path="res://scenes/menus/profilemanager_menu/profilemanager_menu.tscn" type="PackedScene" id=22]
[ext_resource path="res://scenes/menus/profileeditor_menu/profileeditor_menu.tscn" type="PackedScene" id=23]
[ext_resource path="res://scenes/menus/quirkmanager_menu/quirkmanager_menu.tscn" type="PackedScene" id=24]
[ext_resource path="res://scenes/menus/quirkeditor_menu/quirkeditor.tscn" type="PackedScene" id=25]
[ext_resource path="res://scenes/main/btn_connect.gd" type="Script" id=26]
[ext_resource path="res://scenes/popup/quirk_preset_picker/quirk_preset_picker.tscn" type="PackedScene" id=27]
[ext_resource path="res://assets/texture/misc/sburb_gate_strip.png" type="Texture" id=28]
[ext_resource path="res://scenes/menus/about/about_menu.tscn" type="PackedScene" id=29]
[ext_resource path="res://scenes/menus/rules/rules_menu.tscn" type="PackedScene" id=30]
[ext_resource path="res://scenes/popup/make_memo/make_memo.tscn" type="PackedScene" id=31]
[ext_resource path="res://scenes/main/Parsetools.gd" type="Script" id=32]
[ext_resource path="res://scenes/menus/blocklist/blocklist_menu.tscn" type="PackedScene" id=33]
[ext_resource path="res://scenes/popup/add_timeframe/add_timeframe.tscn" type="PackedScene" id=34]

[sub_resource type="Gradient" id=1]
offsets = PoolRealArray( 0.226044, 1 )
colors = PoolColorArray( 0, 0, 0, 1, 0.609375, 0.609375, 0.609375, 1 )

[sub_resource type="GradientTexture2D" id=2]
flags = 0
gradient = SubResource( 1 )
width = 16
height = 16
fill = 1
fill_from = Vector2( 0.5, 0.5 )

[node name="pesterchum_main" type="Node"]
script = ExtResource( 1 )
theme = ExtResource( 3 )

[node name="approot" type="MarginContainer" parent="."]
anchor_right = 1.0
anchor_bottom = 1.0
theme = ExtResource( 2 )

[node name="backupscroll" type="ScrollContainer" parent="approot"]
margin_right = 300.0
margin_bottom = 625.0
size_flags_horizontal = 3
size_flags_vertical = 3

[node name="app" type="PanelContainer" parent="approot/backupscroll"]
margin_right = 300.0
margin_bottom = 625.0
size_flags_horizontal = 3
size_flags_vertical = 3

[node name="bg" type="TextureRect" parent="approot/backupscroll/app"]
margin_left = 3.0
margin_top = 3.0
margin_right = 297.0
margin_bottom = 622.0
size_flags_horizontal = 3
size_flags_vertical = 3
texture = SubResource( 2 )
expand = true
stretch_mode = 7

[node name="gate" type="TextureRect" parent="approot/backupscroll/app"]
margin_left = 3.0
margin_top = 3.0
margin_right = 297.0
margin_bottom = 622.0
rect_pivot_offset = Vector2( 147, 309 )
size_flags_horizontal = 3
size_flags_vertical = 3
texture = ExtResource( 28 )
expand = true
stretch_mode = 6

[node name="version_number" type="Label" parent="approot/backupscroll/app"]
unique_name_in_owner = true
margin_left = 3.0
margin_top = 608.0
margin_right = 297.0
margin_bottom = 622.0
size_flags_horizontal = 3
size_flags_vertical = 8
custom_colors/font_color = Color( 1, 1, 1, 1 )
text = "version goes here xd"
align = 1

[node name="btn_connect" type="Button" parent="approot/backupscroll/app"]
margin_left = 115.0
margin_top = 300.0
margin_right = 184.0
margin_bottom = 324.0
mouse_default_cursor_shape = 2
size_flags_horizontal = 4
size_flags_vertical = 4
text = "Connect"
script = ExtResource( 26 )

[node name="menus" type="MarginContainer" parent="approot"]
margin_right = 300.0
margin_bottom = 625.0
mouse_filter = 2
script = ExtResource( 15 )

[node name="rules_menu" parent="approot/menus" instance=ExtResource( 9 )]
visible = false
title = "Rules"
identifier = "help/rules"
content = ExtResource( 30 )

[node name="about_menu" parent="approot/menus" instance=ExtResource( 9 )]
visible = false
title = "About"
identifier = "help/about"
content = ExtResource( 29 )

[node name="profilemanager_menu" parent="approot/menus" instance=ExtResource( 9 )]
visible = false
title = "Profiles"
identifier = "profile/manage"
content = ExtResource( 22 )

[node name="profileeditor_menu" parent="approot/menus" instance=ExtResource( 9 )]
visible = false
title = "Profile preferences"
identifier = "profile/preferences"
content = ExtResource( 23 )

[node name="quirkmanager_menu" parent="approot/menus" instance=ExtResource( 9 )]
visible = false
title = "Text quirks"
identifier = "profile/quirks"
content = ExtResource( 24 )

[node name="quirkeditor_menu" parent="approot/menus" instance=ExtResource( 9 )]
visible = false
title = "Quirk editor"
identifier = "quirks/editor"
content = ExtResource( 25 )

[node name="memolist_menu" parent="approot/menus" instance=ExtResource( 9 )]
visible = false
title = "Memo list"
identifier = "client/memos"
content = ExtResource( 18 )

[node name="settings_menu" parent="approot/menus" instance=ExtResource( 9 )]
visible = false
title = "Options menu"
identifier = "client/options"
content = ExtResource( 10 )

[node name="userlist_menu" parent="approot/menus" instance=ExtResource( 9 )]
visible = false
title = "User list"
identifier = "client/userlist"
content = ExtResource( 14 )

[node name="blocklist_menu" parent="approot/menus" instance=ExtResource( 9 )]
visible = false
title = "Block list"
identifier = "client/blocklist"
content = ExtResource( 33 )

[node name="popups" type="MarginContainer" parent="approot"]
margin_right = 300.0
margin_bottom = 625.0
mouse_filter = 2
size_flags_horizontal = 3
size_flags_vertical = 3
script = ExtResource( 6 )
__meta__ = {
"_edit_lock_": true
}

[node name="emoji" parent="approot/popups" instance=ExtResource( 11 )]
visible = false
anchor_right = 0.0
anchor_bottom = 0.0
margin_right = 300.0
margin_bottom = 625.0
contents = ExtResource( 19 )

[node name="simplemsg_popup" parent="approot/popups" instance=ExtResource( 11 )]
visible = false
anchor_right = 0.0
anchor_bottom = 0.0
margin_right = 300.0
margin_bottom = 625.0
contents = ExtResource( 17 )

[node name="wip_popup" parent="approot/popups" instance=ExtResource( 11 )]
visible = false
anchor_right = 0.0
anchor_bottom = 0.0
margin_right = 300.0
margin_bottom = 625.0
contents = ExtResource( 16 )

[node name="login_popup" parent="approot/popups" instance=ExtResource( 11 )]
visible = false
anchor_right = 0.0
anchor_bottom = 0.0
margin_right = 300.0
margin_bottom = 625.0
__meta__ = {
"_edit_lock_": true
}
background_dismiss = false
popup_on_ready = true
contents = ExtResource( 4 )

[node name="connecting_popup" parent="approot/popups" instance=ExtResource( 11 )]
visible = false
anchor_right = 0.0
anchor_bottom = 0.0
margin_right = 300.0
margin_bottom = 625.0
__meta__ = {
"_edit_lock_": true
}
background_dismiss = false
contents = ExtResource( 13 )

[node name="addchum_popup" parent="approot/popups" instance=ExtResource( 11 )]
visible = false
anchor_right = 0.0
anchor_bottom = 0.0
margin_right = 300.0
margin_bottom = 625.0
__meta__ = {
"_edit_lock_": true
}
contents = ExtResource( 8 )

[node name="reconnect_popup" parent="approot/popups" instance=ExtResource( 11 )]
visible = false
anchor_right = 0.0
anchor_bottom = 0.0
margin_right = 300.0
margin_bottom = 625.0
__meta__ = {
"_edit_lock_": true
}
background_dismiss = false
contents = ExtResource( 12 )

[node name="debug_shortcuts_popup" parent="approot/popups" instance=ExtResource( 11 )]
visible = false
anchor_right = 0.0
anchor_bottom = 0.0
margin_right = 300.0
margin_bottom = 625.0
contents = ExtResource( 20 )

[node name="quirk_preset_picker" parent="approot/popups" instance=ExtResource( 11 )]
visible = false
anchor_right = 0.0
anchor_bottom = 0.0
margin_right = 300.0
margin_bottom = 625.0
contents = ExtResource( 27 )

[node name="make_memo_popup" parent="approot/popups" instance=ExtResource( 11 )]
visible = false
anchor_right = 0.0
anchor_bottom = 0.0
margin_right = 300.0
margin_bottom = 625.0
contents = ExtResource( 31 )

[node name="add_timeframe_popup" parent="approot/popups" instance=ExtResource( 11 )]
visible = false
anchor_right = 0.0
anchor_bottom = 0.0
margin_right = 300.0
margin_bottom = 625.0
contents = ExtResource( 34 )

[node name="PesterchumLayer" type="Node" parent="."]
script = ExtResource( 7 )

[node name="IRCClient" type="Node" parent="."]
script = ExtResource( 5 )
connect_on_ready = false
nickname = "pesterchumGodot"
capability_negotiation = true
cap_requests = [ "draft/metadata", "draft/metadata-notify-2" ]
print_tx = true

[node name="Usercache" type="Node" parent="."]
script = ExtResource( 21 )

[node name="Parsetools" type="Node" parent="."]
script = ExtResource( 32 )

[node name="update_request" type="HTTPRequest" parent="."]
timeout = 20.0

[connection signal="on_channel_user_list_updated" from="IRCClient" to="Usercache" method="_on_IRCClient_on_channel_user_list_updated"]
[connection signal="on_connected" from="IRCClient" to="." method="_on_IRCClient_on_connected"]
[connection signal="on_connected" from="IRCClient" to="PesterchumLayer" method="_on_IRCClient_on_connected"]
[connection signal="on_connecting" from="IRCClient" to="." method="_on_IRCClient_on_connecting"]
[connection signal="on_disconnect" from="IRCClient" to="." method="_on_IRCClient_on_disconnect"]
[connection signal="on_draft_metadata_received" from="IRCClient" to="Usercache" method="_on_IRCClient_on_draft_metadata_received"]
[connection signal="on_join" from="IRCClient" to="Usercache" method="_on_IRCClient_on_join"]
[connection signal="on_message_received" from="IRCClient" to="PesterchumLayer" method="_on_IRCClient_on_message_received"]
[connection signal="on_message_sent" from="IRCClient" to="PesterchumLayer" method="_on_IRCClient_on_message_sent"]
[connection signal="on_nick_changed" from="IRCClient" to="Usercache" method="_on_IRCClient_on_nick_changed"]
[connection signal="on_notice_received" from="IRCClient" to="PesterchumLayer" method="_on_IRCClient_on_notice_received"]
[connection signal="on_part" from="IRCClient" to="Usercache" method="_on_IRCClient_on_part"]
[connection signal="on_quit" from="IRCClient" to="." method="_on_IRCClient_on_quit"]
[connection signal="on_unhandled_numeric_reply" from="IRCClient" to="PesterchumLayer" method="_on_IRCClient_on_unhandled_numeric_reply"]
[connection signal="on_user_join" from="IRCClient" to="Usercache" method="_on_IRCClient_on_user_join"]
[connection signal="on_user_nick_changed" from="IRCClient" to="Usercache" method="_on_IRCClient_on_user_nick_changed"]
[connection signal="on_user_part" from="IRCClient" to="Usercache" method="_on_IRCClient_on_user_part"]
[connection signal="on_user_quit" from="IRCClient" to="Usercache" method="_on_IRCClient_on_user_quit"]
[connection signal="request_completed" from="update_request" to="." method="_on_update_request_request_completed"]
