[gd_resource type="Theme" load_steps=24 format=2]

[ext_resource path="res://assets/font/resource/trollian_font.tres" type="DynamicFont" id=1]

[sub_resource type="StyleBoxFlat" id=20]
content_margin_left = 8.0
content_margin_right = 8.0
content_margin_top = 5.0
content_margin_bottom = 5.0
bg_color = Color( 0.34, 0.34, 0.34, 1 )
border_width_right = 2
border_width_bottom = 2
border_color = Color( 0, 0, 0, 1 )
corner_detail = 1
anti_aliasing = false

[sub_resource type="StyleBoxEmpty" id=21]

[sub_resource type="StyleBoxFlat" id=19]
content_margin_left = 8.0
content_margin_right = 8.0
content_margin_top = 5.0
content_margin_bottom = 5.0
bg_color = Color( 0.807843, 0.807843, 0.807843, 1 )
border_width_right = 2
border_width_bottom = 2
border_color = Color( 0.57, 0.57, 0.57, 1 )
corner_detail = 1
anti_aliasing = false

[sub_resource type="StyleBoxFlat" id=22]
content_margin_left = 8.0
content_margin_right = 8.0
content_margin_top = 5.0
content_margin_bottom = 5.0
bg_color = Color( 0.568627, 0.568627, 0.568627, 1 )
border_width_left = 2
border_width_top = 2
border_color = Color( 0.807843, 0.807843, 0.807843, 1 )
corner_detail = 1
anti_aliasing = false

[sub_resource type="StyleBoxFlat" id=9]
bg_color = Color( 0.760784, 0.760784, 0.760784, 1 )
border_width_left = 2
border_width_top = 2
border_width_right = 2
border_width_bottom = 2
border_color = Color( 0.745098, 0.0745098, 0.0156863, 1 )
corner_radius_top_left = 2
corner_radius_top_right = 2
corner_radius_bottom_right = 2
corner_radius_bottom_left = 2

[sub_resource type="StyleBoxFlat" id=14]
bg_color = Color( 0.454902, 0.454902, 0.454902, 1 )
expand_margin_left = 5.0
expand_margin_right = 5.0
expand_margin_top = 1.0
expand_margin_bottom = 1.0

[sub_resource type="StyleBoxFlat" id=13]
content_margin_left = 8.0
content_margin_right = 8.0
content_margin_top = 5.0
content_margin_bottom = 5.0
bg_color = Color( 0.760784, 0.760784, 0.760784, 1 )
border_width_left = 1
border_width_top = 1
border_width_right = 1
border_width_bottom = 1
border_color = Color( 0, 0, 0, 0.54902 )
corner_detail = 1
shadow_color = Color( 0, 0, 0, 0.203922 )
shadow_size = 10
anti_aliasing = false

[sub_resource type="StyleBoxFlat" id=16]
content_margin_left = 5.0
content_margin_right = 30.0
content_margin_top = 5.0
content_margin_bottom = 5.0
bg_color = Color( 0.698039, 0.698039, 0.698039, 1 )

[sub_resource type="StyleBoxFlat" id=18]
bg_color = Color( 1, 1, 1, 1 )
border_width_left = 2
border_width_top = 2
border_width_right = 2
border_width_bottom = 2
border_color = Color( 0.803922, 0.803922, 0.803922, 1 )

[sub_resource type="StyleBoxEmpty" id=17]

[sub_resource type="StyleBoxFlat" id=11]
content_margin_left = 10.0
content_margin_right = 5.0
content_margin_top = 5.0
content_margin_bottom = 5.0
bg_color = Color( 1, 1, 1, 1 )
border_width_left = 3
border_width_top = 3
border_width_right = 3
border_width_bottom = 3
border_color = Color( 0.760784, 0.760784, 0.760784, 1 )
corner_radius_top_right = 3
corner_radius_bottom_right = 3
corner_radius_bottom_left = 3

[sub_resource type="StyleBoxFlat" id=3]
content_margin_left = 3.0
content_margin_right = 3.0
content_margin_top = 2.0
content_margin_bottom = 2.0
bg_color = Color( 0.760784, 0.760784, 0.760784, 1 )
corner_radius_top_left = 10
corner_radius_top_right = 10
corner_radius_bottom_right = 10
corner_radius_bottom_left = 10

[sub_resource type="StyleBoxFlat" id=15]
bg_color = Color( 1, 1, 1, 1 )
border_width_left = 1
border_width_top = 1
border_width_right = 1
border_width_bottom = 1
border_color = Color( 0.760784, 0.760784, 0.760784, 1 )
corner_radius_top_right = 5
corner_radius_bottom_right = 5
corner_radius_bottom_left = 5

[sub_resource type="StyleBoxFlat" id=12]
bg_color = Color( 0.47451, 0.47451, 0.47451, 1 )

[sub_resource type="StyleBoxFlat" id=10]
content_margin_bottom = 3.0
bg_color = Color( 0.760784, 0.760784, 0.760784, 1 )
border_width_left = 3
border_width_top = 18
border_width_right = 3
border_width_bottom = 3
border_color = Color( 0.913725, 0, 0.0745098, 1 )
corner_radius_top_left = 6
corner_radius_top_right = 6
corner_radius_bottom_right = 6
corner_radius_bottom_left = 6

[sub_resource type="StyleBoxFlat" id=5]
content_margin_left = 6.0
bg_color = Color( 1, 0.372549, 0.517647, 1 )
border_width_left = 1
border_color = Color( 0.760784, 0.760784, 0.760784, 1 )
anti_aliasing = false

[sub_resource type="StyleBoxFlat" id=1]
bg_color = Color( 0.909804, 0, 0.0705882, 1 )
border_width_top = 9
border_color = Color( 0.952941, 0.180392, 0.109804, 1 )
anti_aliasing = false

[sub_resource type="StyleBoxFlat" id=6]
bg_color = Color( 1, 1, 1, 1 )
border_width_left = 1
border_width_top = 1
border_width_right = 1
border_width_bottom = 1
border_color = Color( 0.760784, 0.760784, 0.760784, 1 )

[sub_resource type="StyleBoxFlat" id=2]
bg_color = Color( 0, 0, 0, 1 )
border_width_left = 1
border_width_top = 1
border_width_right = 1
border_width_bottom = 1
border_color = Color( 0.760784, 0.760784, 0.760784, 1 )
corner_radius_top_right = 5
corner_radius_bottom_right = 5
corner_radius_bottom_left = 5

[sub_resource type="StyleBoxFlat" id=7]
content_margin_left = 7.0
content_margin_bottom = 3.0
bg_color = Color( 1, 0.372549, 0.517647, 1 )
border_width_right = 15
border_color = Color( 0.807843, 0.807843, 0.807843, 1 )

[sub_resource type="StyleBoxFlat" id=8]
content_margin_bottom = 25.0
bg_color = Color( 0.760784, 0.760784, 0.760784, 1 )
border_width_left = 3
border_width_top = 18
border_width_right = 3
border_width_bottom = 3
border_color = Color( 0.913725, 0, 0.0745098, 1 )
corner_radius_top_left = 6
corner_radius_top_right = 6
corner_radius_bottom_right = 6
corner_radius_bottom_left = 6

[sub_resource type="StyleBoxFlat" id=4]
content_margin_left = 15.0
content_margin_top = 1.0
content_margin_bottom = 1.0
bg_color = Color( 1, 0.14902, 0.0705882, 1 )
border_width_left = 1
border_width_top = 1
border_width_right = 1
border_width_bottom = 1
border_color = Color( 0.760784, 0.760784, 0.760784, 1 )
corner_radius_top_left = 1

[resource]
default_font = ExtResource( 1 )
Button/colors/font_color = Color( 0, 0, 0, 1 )
Button/styles/disabled = SubResource( 20 )
Button/styles/focus = SubResource( 21 )
Button/styles/hover = SubResource( 19 )
Button/styles/normal = SubResource( 19 )
Button/styles/pressed = SubResource( 22 )
Label/colors/font_color = Color( 0, 0, 0, 1 )
LabelWhite/base_type = "Label"
LabelWhite/colors/font_color = Color( 1, 1, 1, 1 )
PanelContainer/styles/panel = SubResource( 9 )
PopupMenu/colors/font_color = Color( 0.0627451, 0.0627451, 0.0627451, 1 )
PopupMenu/colors/font_color_hover = Color( 0, 0, 0, 1 )
PopupMenu/styles/hover = SubResource( 14 )
PopupMenu/styles/panel = SubResource( 13 )
PopupPanel/styles/panel = SubResource( 13 )
RichTextLabel/colors/default_color = Color( 0, 0, 0, 1 )
chat_bottom_bar/base_type = "PanelContainer"
chat_bottom_bar/styles/panel = SubResource( 16 )
chat_input_bar/base_type = "LineEdit"
chat_input_bar/colors/font_color = Color( 0, 0, 0, 1 )
chat_input_bar/styles/normal = SubResource( 18 )
chat_input_panel/base_type = "PanelContainer"
chat_input_panel/styles/panel = SubResource( 17 )
chat_log_margin/base_type = "MarginContainer"
chat_log_margin/constants/margin_left = 5
chat_log_panel/base_type = "PanelContainer"
chat_log_panel/styles/panel = SubResource( 11 )
trollian_bubble/base_type = "PanelContainer"
trollian_bubble/styles/panel = SubResource( 3 )
trollian_chat_content/base_type = "PanelContainer"
trollian_chat_content/styles/panel = SubResource( 15 )
trollian_chat_inner/base_type = "PanelContainer"
trollian_chat_inner/styles/panel = SubResource( 12 )
trollian_chat_window/base_type = "PanelContainer"
trollian_chat_window/styles/panel = SubResource( 10 )
trollian_chump_panel/base_type = "PanelContainer"
trollian_chump_panel/styles/panel = SubResource( 5 )
trollian_header/base_type = "PanelContainer"
trollian_header/styles/panel = SubResource( 1 )
trollian_itemlist_white/base_type = "ItemList"
trollian_itemlist_white/styles/bg = SubResource( 6 )
trollian_timelines/base_type = "PanelContainer"
trollian_timelines/styles/panel = SubResource( 2 )
trollian_timelines_inner/base_type = "PanelContainer"
trollian_timelines_inner/styles/panel = SubResource( 7 )
trollian_timelines_window/base_type = "PanelContainer"
trollian_timelines_window/styles/panel = SubResource( 8 )
trollian_title/base_type = "PanelContainer"
trollian_title/styles/panel = SubResource( 4 )
